@article{prins2004simple,
    title={A simple and effective evolutionary algorithm for the vehicle routing problem},
    author={Prins, Christian},
    journal={Computers \& Operations Research},
    volume={31},
    number={12},
    pages={1985--2002},
    year={2004},
    publisher={Elsevier}
}
@article{taillard1993parallel,
    title={Parallel iterative search methods for vehicle routing problems},
    author={Taillard, {\'E}sric},
    journal={Networks},
    volume={23},
    number={8},
    pages={661--673},
    year={1993},
    publisher={Wiley Online Library}
}
@book{chen1996commonality,
    title={Commonality and genetic algorithms},
    author={Chen, Stephen and Smith, Stephen F},
    year={1996},
    publisher={Citeseer}
}
